@MISC{Sullivan02advancedprogramming,
    author = {Gregory T. Sullivan},
    title = {Advanced Programming Language Features for Executable Design Patterns "Better Pattern Through Reflection"},
    year = {2002}
}
@incollection{stoy2006components,
author = {Chris Stoy},
title = {Game Object Component System},
booktitle = {Game Programming Gems 6},
editor = {Michael Dickheiser},
publisher = {Charles River Media},
year = {2006},
pages = {393--403}
}
@book{bjork2005patterns,
  title={Patterns In Game Design},
  author={Bj{\"o}rk, S. and Holopainen, J.},
  isbn={9781584503545},
  lccn={2004023500},
  series={Game development series},
  url={http://books.google.nl/books?id=IFQfyODK4wAC},
  year={2005},
  publisher={Charles River Media}
}


%%%%%%%%%%%%%%%%%%%%%%%%%%%%%%%%%%%%%%%
%% Chapter 1.
%%%%%%%%%%%%%%%%%%%%%%%%%%%%%%%%%%%%%%%

@book{CHAPTER_1_SERIOUS_GAMES,
 author = {Michael, David R. and Chen, Sandra L.},
 title = {Serious Games: Games That Educate, Train, and Inform},
 year = {2005},
 isbn = {1592006221},
 publisher = {Muska \& Lipman/Premier-Trade},
} 

@inproceedings{CHAPTER_1_EDUTAINMENT,
 author = {Ayad, Khaled and Rigas, Dimitrios},
 title = {Learning with edutainment: a multi-platform approach},
 booktitle = {Proceedings of the 11th WSEAS international conference on Mathematical methods and computational techniques in electrical engineering},
 series = {MMACTEE'09},
 year = {2009},
 isbn = {978-960-474-124-3},
 location = {Athens, Greece},
 pages = {220--225},
 numpages = {6},
 url = {http://dl.acm.org/citation.cfm?id=1949006.1949046},
 acmid = {1949046},
 publisher = {World Scientific and Engineering Academy and Society (WSEAS)},
 address = {Stevens Point, Wisconsin, USA},
 keywords = {avatar, e-learning, edutainment, human-computer interface, multi-modal},
} 

@article{CHAPTER1_LAMBDA_CALCULUS,
    author = {Church, Alonzo},
    journal = {Annals of Mathematics},
    number = {33},
    pages = {346--366},
    posted-at = {2010-10-04 02:27:47},
    priority = {2},
    title = {{A Set of Postulates for the Foundation of Logic}},
    url = {http://www.jstor.org/stable/1968337},
    volume = {2},
    year = {1932}
}

@book{CHAPTER_1_PL_SUBROUTINES,
  added-at = {2009-10-14T21:30:02.000+0200},
  author = {Wilkes, Maurice V. and Wheeler, David J. and Gill, Stanley},
  biburl = {http://www.bibsonomy.org/bibtex/29fe8ff438da0508a053e0793695abc69/magsilva},
  interhash = {9d84ac6c69ab8c5152b336cf7d4c42e6},
  intrahash = {9fe8ff438da0508a053e0793695abc69},
  isbn = {0262231182},
  keywords = {imported},
  owner = {magsilva},
  publisher = {Addison-Wesley},
  timestamp = {2009-10-14T21:30:02.000+0200},
  title = {The Preparation of Programs for an Electronic Digital Computer, with
	Special Reference to the EDSAC and the Use of a Library of Subroutines},
  year = 1951
}

@book{CHAPTER_1_PL_DATASTRUCTURES,
  title={A practical introduction to data structures and algorithm analysis},
  author={Shaffer, C.A.},
  isbn={9780131907522},
  lccn={96027210},
  url={http://books.google.nl/books?id=a2s\_AQAAIAAJ},
  year={1997},
  publisher={Prentice Hall}
}

@book{CHAPTER_1_PL_OBJECTS,
 author = {Abadi, Martin and Cardelli, Luca},
 title = {A  Theory of Objects},
 year = {1996},
 isbn = {0387947752},
 edition = {1st},
 publisher = {Springer-Verlag New York, Inc.},
 address = {Secaucus, NJ, USA},
} 

@article{CHAPTER_1_PL_HOF,
 author = {Moses, Joel},
 title = {The function of FUNCTION in LISP or why the FUNARG problem should be called the environment problem},
 journal = {SIGSAM Bull.},
 issue_date = {July 1970},
 number = {15},
 month = jul,
 year = {1970},
 issn = {0163-5824},
 pages = {13--27},
 numpages = {15},
 url = {http://doi.acm.org/10.1145/1093410.1093411},
 doi = {10.1145/1093410.1093411},
 acmid = {1093411},
 publisher = {ACM},
 address = {New York, NY, USA},
} 

@inproceedings{CHAPTER_1_PL_GENERIC_PROGRAMMING,
 author = {Wadler, P. and Blott, S.},
 title = {How to make ad-hoc polymorphism less ad hoc},
 booktitle = {Proceedings of the 16th ACM SIGPLAN-SIGACT symposium on Principles of programming languages},
 series = {POPL '89},
 year = {1989},
 isbn = {0-89791-294-2},
 location = {Austin, Texas, United States},
 pages = {60--76},
 numpages = {17},
 url = {http://doi.acm.org/10.1145/75277.75283},
 doi = {10.1145/75277.75283},
 acmid = {75283},
 publisher = {ACM},
 address = {New York, NY, USA},
} 

@article{CHAPTER_1_PL_GARBAGE_COLLECTION,
 author = {McCarthy, John},
 title = {Recursive functions of symbolic expressions and their computation by machine, Part I},
 journal = {Commun. ACM},
 issue_date = {April 1960},
 volume = {3},
 number = {4},
 month = apr,
 year = {1960},
 issn = {0001-0782},
 pages = {184--195},
 numpages = {12},
 url = {http://doi.acm.org/10.1145/367177.367199},
 doi = {10.1145/367177.367199},
 acmid = {367199},
 publisher = {ACM},
 address = {New York, NY, USA},
} 

@book{CHAPTER_1_PATCHING_CYCLES,
  title={Game Testing All in One},
  author={Schultz, C.P. and Bryant, R. and Langdell, T.},
  isbn={9781592003730},
  lccn={2004090735},
  series={Game Development Series},
  url={http://books.google.nl/books?id=mttSPgAACAAJ},
  year={2005},
  publisher={Thomson/Course Technology}
}

@incollection{CHAPTER_1_CODE_MANAGEMENT,
 author = {Stevens, W. and Myers, G. and Constantine, L.},
 chapter = {Structured design},
 title = {Classics in software engineering},
 editor = {Yourdon, Edward Nash},
 year = {1979},
 isbn = {0-917072-14-6},
 pages = {205--232},
 numpages = {28},
 url = {http://dl.acm.org/citation.cfm?id=1241515.1241533},
 acmid = {1241533},
 publisher = {Yourdon Press},
 address = {Upper Saddle River, NJ, USA},
} 

@book{CHAPTER_1_DEFINITION_OF_GAME,
  added-at = {2010-08-12T21:06:49.000+0200},
  address = {Oxford},
  author = {Wittgenstein, L.},
  biburl = {http://www.bibsonomy.org/bibtex/2aa9513c290e010f5f55525b9e66026d7/referrator},
  interhash = {ff9819fd63cca58a28b07e6c46e83050},
  intrahash = {aa9513c290e010f5f55525b9e66026d7},
  keywords = {myown},
  publisher = {Basil Blackwell},
  timestamp = {2010-08-12T21:06:49.000+0200},
  title = {Philosophical Investigations},
  year = 1953
}

@article{CHAPTER_1_EDUCATIONAL_GAMES_1900,
    author = {Rice, John},
    citeulike-article-id = {4783486},
    journal = {Journal of Technology and Teacher Education},
    keywords = {cognitive-processes, educational-games, educational-technology, evaluation, gaming-cognition, video-games, visual-aids},
    month = jan,
    number = {1},
    pages = {87--100},
    posted-at = {2009-06-09 02:41:56},
    priority = {0},
    title = {{Assessing Higher Order Thinking in Video Games}},
    volume = {15},
    year = {2007}
}

@article{CHAPTER_1_GROWING_DIFFUSION,
    author = {Crandall, R. W. and Sidak, J. G.},
    citeulike-article-id = {3255576},
    citeulike-linkout-0 = {http://papers.ssrn.com/sol3/papers.cfm?abstract\_id=969728},
    keywords = {file-import-08-09-15},
    posted-at = {2008-09-15 01:35:28},
    priority = {0},
    title = {{Video Games: Serious Business for America's Economy}},
    url = {http://papers.ssrn.com/sol3/papers.cfm?abstract\_id=969728}
}

@article{CHAPTER_1_APPLICATIONS_OF_SERIOUS_GAMES,
 author = {Shea, Peter},
 title = {Review of 'The Complete Guide to Simulations \& Serious Games' by Clark Aldrich},
 journal = {eLearn},
 issue_date = {November 2009},
 volume = {2009},
 number = {11},
 month = nov,
 year = {2009},
 issn = {1535-394X},
 articleno = {7},
 url = {http://doi.acm.org/10.1145/1644136.1658938},
 doi = {10.1145/1644136.1658938},
 acmid = {1658938},
 publisher = {ACM},
 address = {New York, NY, USA},
} 

@misc{CHAPTER_1_MOVIES_AND_MUSIC,
  howpublished = {\url{http://www.theesa.com}},
  Title = {Entertainment Software Association}
}

@book{CHAPTER_1_PL_INFLUENCE_ON_PL,
 author = {Pierce, Benjamin C.},
 title = {Types and programming languages},
 year = {2002},
 isbn = {0-262-16209-1},
 publisher = {MIT Press},
 address = {Cambridge, MA, USA},
} 

@article{CHAPTER_1_SIZE_OF_GAMES,
 author = {Blow, Jonathan},
 title = {Game Development: Harder Than You Think},
 journal = {Queue},
 issue_date = {February 2004},
 volume = {1},
 number = {10},
 month = feb,
 year = {2004},
 issn = {1542-7730},
 pages = {28--37},
 numpages = {10},
 url = {http://doi.acm.org/10.1145/971564.971590},
 doi = {10.1145/971564.971590},
 acmid = {971590},
 publisher = {ACM},
 address = {New York, NY, USA},
} 

@ARTICLE{CHAPTER_1_PL_TYPE_SYSTEMS_AND_MEMORY_ALIGNMENT,
    author = {Robin Milner},
    title = {A theory of type polymorphism in programming},
    journal = {Journal of Computer and System Sciences},
    year = {1978},
    volume = {17},
    pages = {348--375}
}

@book{CHAPTER_1_PL_STATIC_ANALYSIS,
 author = {Nielson, Flemming and Nielson, Hanne R. and Hankin, Chris},
 title = {Principles of Program Analysis},
 year = {1999},
 isbn = {3540654100},
 publisher = {Springer-Verlag New York, Inc.},
 address = {Secaucus, NJ, USA},
} 

@article{CHAPTER_1_DESIGNERS_TOUCH_THE_GAME,
 author = {Yiskis, E.},
 title = {Finite-State Machine Scripting Language for Designers},
 journal = {AI Game Programming Wisdom 2},
 publisher = {Charles River Media},
 year = {2003},
 isbn = {1584502894},
 address = {Rockland, MA, USA}
} 

@book{CHAPTER_1_GAME_ENGINES,
  added-at = {2011-09-08T18:11:07.000+0200},
  author = {Gregory, Jason},
  edition = 1,
  interhash = {a068c7c0b8a3b5b65e8ee527f6c8986c},
  intrahash = {e00f797003eb3238f7ecf560276d3d3e},
  keywords = {Engineering ITeG_233 architecture game programming},
  publisher = {Taylor \& Francis Ltd.},
  timestamp = {2011-09-08T18:11:07.000+0200},
  title = {Game engine architecture},
  year = 2009
}

@inproceedings{CHAPTER_1_ISSUES_WITH_INDIE_GAMES,
 author = {Rocca, Jason Della and Howie, Hank and Meretzky, Steve and Minton, Joe and Quirk, Kent and Rosenthal-Newsom, Tracy},
 title = {In the trenches: game developers and the quest for innovation},
 booktitle = {Proceedings of the 2006 ACM SIGGRAPH symposium on Videogames},
 series = {Sandbox '06},
 year = {2006},
 isbn = {1-59593-386-7},
 location = {Boston, Massachusetts},
 pages = {9--11},
 numpages = {3},
 url = {http://doi.acm.org/10.1145/1183316.1183318},
 doi = {10.1145/1183316.1183318},
 acmid = {1183318},
 publisher = {ACM},
 address = {New York, NY, USA},
} 

@misc{CHAPTER_1_OLD_EDUCATIONAL_VIDEOGAMES,
title = {Educational videogames},
year = {2012},
howpublished = {\url{http://en.wikipedia.org/wiki/Educational_video_game}}
}

@misc{CHAPTER1_SIMS_GAMES,
title = {The Sims (series)},
year = {2012},
howpublished = {\url{http://en.wikipedia.org/wiki/The_Sims_(series)}}
}

@misc{CHAPTER_1_INDIE_GAMES_ON_SMARTPHONES_AND_TABLETS, 
Title = {The Smartphone \& Tablet Games Summit at GDC 2013},
year = {2013},
howpublished = {\url{http://www.gdconf.com/conference/gdcsmartphone.html}}
}

@article{CHAPTER_1_INDIE_GAMES_SIZE,
    author = {Wilson, Jason},
    journal = {Media International Australia Incorporating Culture \& Policy},
    keywords = {adaptation, amusements, commmassmediacomplete, cost, design, electronic, games, gaming, journalists, receivers, reception, television, video},
    number = {115},
    posted-at = {2009-11-28 03:57:04},
    priority = {2},
    title = {INDIE ROCKS! MAPPING INDEPENDENT VIDEO GAME DESIGN.},
    url = {http://0-search.ebscohost.com.library.nsu.edu/login.aspx?direct=true\&db=ufh\&AN=17627148\&site=ehost-live},
    year = {2005}
}

@misc{CHAPTER_1_EXPONENTIAL_COST_OF_GAMEDEV,
title = {Next-gen consoles mean increased development costs},
author = {Steve Peterson},
year = {2012},
howpublished = {\url{http://www.gamesindustry.biz/articles/2012-04-03-next-gen-consoles-mean-increased-development-costs}}
}


%%%%%%%%%%%%%%%%%%%%%%

@book{CHAPTER_1_EARLY_MODELS_OF_COMPUTATION,
  title={Computability and Logic},
  author={Boolos, G.S. and Burgess, J.P. and Jeffrey, R.C.},
  isbn={9780521877527},
  lccn={2007014225},
  url={http://books.google.nl/books?id=kKPA1DF-g44C},
  year={2007},
  publisher={Cambridge University Press}
}

@misc{CHAPTER_1_GAME_ENGINES_MUST_BE_REBUILT_OFTEN, 
  Title = {Game engines},
  year = {2012},
  howpublished = {\url{http://en.wikipedia.org/wiki/Game_engine}}  
}

@misc{CHAPTER_1_PL_RESEARCH, 
  Title = {Lambda the ultimate weblog},
  howpublished = {\url{http://lambda-the-ultimate.org/papers}}
}

@ARTICLE{CHAPTER_1_PL_AND_SWENG,
  author = {Ryder, Barbara G. and Soffa, Mary Lou and Burnett, Margaret},
  title = {The impact of software engineering research on modern progamming languages},
  journal = {ACM Trans. Softw. Eng. Methodol.},
  issue_date = {October 2005},
  volume = {14},
  number = {4},
  month = oct,
  year = {2005},
  issn = {1049-331X},
  pages = {431--477},
  numpages = {47},
  url = {http://doi.acm.org/10.1145/1101815.1101818},
  doi = {10.1145/1101815.1101818},
  acmid = {1101818},
  publisher = {ACM},
  address = {New York, NY, USA},
  keywords = {Programming Languages, Software Engineering},
} 

@inproceedings{CHAPTER_1_PL_INFLUENCE_ON_CURRENT_LANGUAGES,
  title = {Querying in C\#: how language integrated query (LINQ) works},
  author = {Mads Torgersen},
  year = {2007},
  doi = {http://doi.acm.org/10.1145/1297846.1297922},
  tags = {query language, C++},
  researchr = {http://researchr.org/publication/Torgersen07},
  cites = {0},
  citedby = {0},
  pages = {852-853},
  booktitle = {Companion to the 22nd Annual ACM SIGPLAN Conference on Object-Oriented Programming, Systems, Languages, and Applications, OOPSLA 2007, October 21-25, 2007, Montreal, Quebec, Canada},
  editor = {Richard P. Gabriel and David F. Bacon and Cristina Videira  Lopes and Guy L. Steele Jr.},
  publisher = {ACM},
  isbn = {978-1-59593-865-7},
}

@book{CHAPTER_1_POINTER_ARITHMETICS_IN_GAME,
  title={Game Programming Gems 2},
  author={DeLoura, M.A.},
  isbn={9781584500544},
  lccn={01002803},
  series={Game Programming Gems Series},
  year={2001},
  publisher={Charles River Media}
}

@incollection{CHAPTER_1_TESTING_DOES_NOT_WORK,
 author = {Dijkstra, E.},
 chapter = {The humble programmer},
 title = {Classics in software engineering},
 editor = {Yourdon, Edward Nash},
 year = {1979},
 isbn = {0-917072-14-6},
 pages = {111--125},
 numpages = {15},
 url = {http://dl.acm.org/citation.cfm?id=1241515.1241525},
 acmid = {1241525},
 publisher = {Yourdon Press},
 address = {Upper Saddle River, NJ, USA},
} 

@inproceedings{CHAPTER_1_GAMES_ARE_CONCURRENT,
 author = {Best, Micah J. and Fedorova, Alexandra and Dickie, Ryan and Tagliasacchi, Andrea and Couture-Beil, Alex and Mustard, Craig and Mottishaw, Shane and Brown, Aron and Huang, Zhi Feng and Xu, Xiaoyuan and Ghazali, Nasser and Brownsword, Andrew},
 title = {Searching for Concurrent Design Patterns in Video Games},
 booktitle = {Proceedings of the 15th International Euro-Par Conference on Parallel Processing},
 series = {Euro-Par '09},
 year = {2009},
 isbn = {978-3-642-03868-6},
 location = {Delft, The Netherlands},
 pages = {912--923},
 numpages = {12},
 url = {http://dx.doi.org/10.1007/978-3-642-03869-3_84},
 doi = {10.1007/978-3-642-03869-3_84},
 acmid = {1616868},
 publisher = {Springer-Verlag},
 address = {Berlin, Heidelberg},
} 

@inproceedings{CHAPTER_1_PL_AND_RESOURCE_SHARING,
  author = "Liyang Hu and Graham Hutton",
  title  = "{Towards a Verified Implementation of Software Transactional Memory}",
  booktitle = "{Trends in Functional Programming volume 9}",
  publisher = "Intellect",
  year = 2009,
  editor = "Peter Achten and Pieter Koopman and Marco Morazan",
  month = july,
  note = "Selected papers from the Ninth Symposium on Trends in
  Functional Programming, Nijmegen, The Netherlands, May 2008."
}
        	
@book{CHAPTER_1_TESTING_MORE_THAN_WRITING,
    author = {Beck, Kent},
    day = {05},
    edition = {US ed},
    howpublished = {Paperback},
    isbn = {0201616416},
    keywords = {xp},
    month = oct,
    posted-at = {2006-05-21 14:50:32},
    priority = {2},
    publisher = {Addison-Wesley},
    title = {{Extreme programming explained : embrace change}},
    url = {http://www.amazon.com/exec/obidos/redirect?tag=citeulike07-20\&path=ASIN/0201616416},
    year = {2001}
}

%@misc{CHAPTER_1_TESTING_WITHOUT_SIDE_EFFECTS, Title = {Bottom-up testing without side-effects []}}

%@misc{CHAPTER_1_TESTING_WITH_SIDE_EFFECTS, Title = {Tests invalidated by side-effects []}}

@book{CHAPTER_1_COMPILER_OPTIMIZATIONS,
 author = {Aho, Alfred V. and Sethi, Ravi and Ullman, Jeffrey D.},
 title = {Compilers: principles, techniques, and tools},
 year = {1986},
 isbn = {0-201-10088-6},
 publisher = {Addison-Wesley Longman Publishing Co., Inc.},
 address = {Boston, MA, USA},
} 


%%%%%%%%%%%%%%%%%%%%%%%%%%%%%%%%%%%%%%%
%% Chapter 2.
%%%%%%%%%%%%%%%%%%%%%%%%%%%%%%%%%%%%%%%

@book{CHAPTER_2_RETAINED_VS_IMMEDIATE_MODE,
 author = {Kovach, Peter J.},
 title = {The  Awesome Power of Direct3D/DirectX - DirectX 5 Version},
 year = {1998},
 isbn = {1884777473},
 publisher = {Manning Publications Co.},
 address = {Greenwich, CT, USA},
} 

@book{GPU_GEMS_1,
 author = {Fernando, Randima},
 title = {GPU Gems: Programming Techniques, Tips and Tricks for Real-Time Graphics},
 year = {2004},
 isbn = {0321228324},
 publisher = {Pearson Higher Education},
} 

@book{GPU_GEMS_2,
 author = {Pharr, Matt and Fernando, Randima},
 title = {GPU Gems 2: Programming Techniques for High-Performance Graphics and General-Purpose Computation (Gpu Gems)},
 year = {2005},
 isbn = {0321335597},
 publisher = {Addison-Wesley Professional},
} 

@book{GPU_GEMS_3,
 author = {Nguyen, Hubert},
 title = {Gpu gems 3},
 year = {2007},
 isbn = {9780321545428},
 edition = {First},
 publisher = {Addison-Wesley Professional},
} 

@book{CHAPTER_2_VISITOR_PATTERN,
 author = {Gamma, Erich and Helm, Richard and Johnson, Ralph and Vlissides, John},
 title = {Design patterns: elements of reusable object-oriented software},
 year = {1995},
 isbn = {0-201-63361-2},
 publisher = {Addison-Wesley Longman Publishing Co., Inc.},
 address = {Boston, MA, USA},
} 

@misc{CHAPTER_2_LOCKLESS_THREADING,
title = {Lockless Programming Considerations for Xbox 360 and Microsoft Windows},
year = {2012},
howpublished = {\url{http://msdn.microsoft.com/en-us/library/windows/desktop/ee418650(v=vs.85).aspx}}
}

@book{GP_GEMS_5,
  title={Game Programming Gems 5},
  author={Pallister, K.},
  isbn={9781584503521},
  lccn={2004026858},
  series={GAME PROGRAMMING GEMS SERIES},
  year={2005},
  publisher={Charles River Media}
}

@misc{CHAPTER_2_STATE_MACHINES2, 
  Title = {Visual Finite State Machine AI Systems},
  Author = {Sunbir Gill},
  Year = {2004},
  howpublished = {\url{http://www.gamasutra.com/view/feature/2165/visual_finite_state_machine_ai_.php}}
}

@book{CHAPTER_2_STATE_MACHINES3,
 author = {Bourg, David M. and Seemann, Glenn},
 title = {AI for Game Developers},
 year = {2004},
 isbn = {0596005555},
 publisher = {O'Reilly Media, Inc.},
} 

@book{CHAPTER_2_STATE_MACHINES4,
 author = {Millington, Ian},
 title = {Artificial Intelligence for Games (The Morgan Kaufmann Series in Interactive 3D Technology)},
 year = {2006},
 isbn = {0124977820},
 publisher = {Morgan Kaufmann Publishers Inc.},
 address = {San Francisco, CA, USA},
} 

@inproceedings{CHAPTER_2_VOXELS,
    author = {Kaufman, A. and Shimony, E.},
    booktitle = {Proceedings of 1986 Workshop on Interactive 3D Graphics},
    citeulike-article-id = {3411541},
    keywords = {visweb-08-10-15},
    location = {Chapel Hill, North Carolina},
    pages = {45--75},
    posted-at = {2008-10-15 18:18:17},
    priority = {2},
    title = {{3D scan-conversion algorithms for voxel-based graphics}},
    year = {1986}
}

@book{CHAPTER_2_VOXELS_IN_GAMES,
  title={Game Engine Gems, Volume One},
  author={Lengyel, E.},
  isbn={9780763798963},
  year={2010},
  publisher={Jones \& Bartlett Learning}
}

@book{CHAPTER_2_COMPILATION_LENGTH,
  title={3d Game Engine Architecture: Engineering Real-time Applications With Wild Magic},
  author={Eberly, D.H.},
  isbn={9780122290640},
  lccn={2005275647},
  series={Morgan Kaufmann Series in Interactive 3D Technology},
  url={http://books.google.nl/books?id=HmBZa9-7mewC},
  year={2005},
  publisher={Morgan Kaufmann}
}

@book{CHAPTER_2_GAME_MAKER,
  title = {The game maker s apprentice - game development for beginners},
  author = {Jacob Habgood and Mark H. Overmars},
  year = {2006},
  tags = {game development},
  cites = {0},
  citedby = {0},
  publisher = {Apress},
  isbn = {978-1-59059-615-9},
}

@book{CHAPTER_2_UNITY,
  title={Beginning 3D Game Development with Unity: All-in-one, multi-platform game development},
  author={Blackman, S.},
  isbn={9781430234227},
  lccn={2011293489},
  series={Apresspod Series},
  year={2011},
  publisher={Apress}
}

@book{CHAPTER_2_XNA,
  title={Learning XNA 4.0},
  author={Reed, A.},
  isbn={9781449394622},
  series={O'Reilly Series},
  year={2010},
  publisher={O'Reilly Media, Incorporated}
}

@book{CHAPTER_2_SIMULA67,
  title={SIMULA 67: An advanced programming and simulation language},
  author={Palme, J.},
  lccn={72582004},
  series={Publication},
  year={1970},
  publisher={Norsk regnesentral}
}

@book{CHAPTER_2_INFORM,
 author = {Reed, Aaron},
 title = {Creating Interactive Fiction with Inform 7},
 year = {2010},
 isbn = {1435455061, 9781435455061},
 edition = {1st},
 publisher = {Course Technology Press},
 address = {Boston, MA, United States},
} 

@book{CHAPTER_2_OPENGL,
 author = {Woo, Mason and Neider, Jackie and Davis, Tom and Shreiner, Dave},
 title = {OpenGL Programming Guide: The Official Guide to Learning OpenGL, Version 1.2},
 year = {1999},
 isbn = {0201604582},
 edition = {3rd},
 publisher = {Addison-Wesley Longman Publishing Co., Inc.},
 address = {Boston, MA, USA},
} 

@inproceedings{CHAPTER_2_DIRECT3D_10,
 author = {Blythe, David},
 title = {The Direct3D 10 system},
 booktitle = {ACM SIGGRAPH 2006 Papers},
 series = {SIGGRAPH '06},
 year = {2006},
 isbn = {1-59593-364-6},
 location = {Boston, Massachusetts},
 pages = {724--734},
 numpages = {11},
 url = {http://doi.acm.org/10.1145/1179352.1141947},
 doi = {10.1145/1179352.1141947},
 acmid = {1141947},
 publisher = {ACM},
 address = {New York, NY, USA},
 keywords = {graphics systems, programmable graphics hardware, programmable shading},
} 


%%%%%%%%%%%%%%%%%%%%%%%%%%%%%%%%%%%%%%%
%% Chapter 3.
%%%%%%%%%%%%%%%%%%%%%%%%%%%%%%%%%%%%%%%
@misc{CHAPTER_3_BOO, 
  Title = {The Boo programming language},
  Author = {Barreto de Oliveira, R.},
  howpublished = {\url{http://boo.codehaus.org/}
}

@misc{CHAPTER_3_PINBALL_CONSTRUCTION_SET, 
  Title = {Pinball construction set},
  howpublished = {\url{http://en.wikipedia.org/wiki/Pinball_Construction_Set}}
}

@misc{CHAPTER_3_ADVENTURE_CONSTRUCTION_SET, 
  Title = {Adventure construction set},
  howpublished = {\url{http://en.wikipedia.org/wiki/Adventure_Construction_Set}}  
}

@misc{CHAPTER_3_GARRY_KITCHENS_GAME_MAKER, 
  Title = {Garry kitchen's game maker},
  howpublished = {\url{http://en.wikipedia.org/wiki/Garry_Kitchen's_GameMaker}}  
}

@misc{CHAPTER_3_WARGAME_CONSTRUCTION_SET, 
  Title = {Wargame construction set},
  howpublished = {\url{http://en.wikipedia.org/wiki/Wargame_Construction_Set}}  
}

@misc{CHAPTER_3_SHOOT_EM_UP_CONSTRUCTION_KIT, 
  Title = {Shoot 'em-up construction kit},
  howpublished = {\url{http://en.wikipedia.org/wiki/Shoot'Em-Up_Construction_Kit}}
}

@misc{CHAPTER_3_ARCADE_GAME_CONSTRUCTION_KIT, 
  Title = {Arcade game construction kit},
  howpublished = {\url{http://en.wikipedia.org/wiki/Arcade_Game_Construction_Kit}}
}

@misc{CHAPTER_3_RPG_MAKER, 
  Title = {RPG Maker},
  howpublished = {\url{http://www.rpgmakerweb.com/}}
}

@misc{CHAPTER_3_BRENDER, 
  Title = {Brender},
  howpublished = {\url{http://en.wikipedia.org/wiki/BRender#BRender}}
}

@book{CHAPTER_3_RENDERWARE,
  title={Renderware},
  author={Russell, J. and Cohn, R.},
  isbn={9785512314043},
  year={2012},
  publisher={Book on Demand}
}

@book{CHAPTER_3_GAMEBRYO,
  title={Gamebryo},
  author={Russell, J. and Cohn, R.},
  isbn={9785512765906},
  year={2012},
  publisher={Book on Demand}
}

@misc{CHAPTER_3_ID_TECH, 
  Title = {Id tech engines},
  howpublished = {\url{http://en.wikipedia.org/wiki/Id_Tech}},
}

@misc{CHAPTER_3_UNREAL_ENGINES, 
  Title = {Unreal engines},
  howpublished = {\url{http://en.wikipedia.org/wiki/Unreal_Engine}},
}

@misc{CHAPTER_3_REALITY_LAB, 
  Title = {Reality lab},
  howpublished = {\url{http://en.wikipedia.org/wiki/Reality_Lab}},
}

@misc{CHAPTER_3_REALITY_LAB_INTO_DIRECT3D, 
  Title = {Direct 3D},
  howpublished = {\url{http://en.wikipedia.org/wiki/Microsoft_Direct3D}},
}


%%%%%%%%%%%%%%%%%%%%%%%%%%%%%%%%%%%%%%%
%% Chapter 4.
%%%%%%%%%%%%%%%%%%%%%%%%%%%%%%%%%%%%%%%
@book{CHAPTER_4_ORTHOGONALITY_PL,
 author = {Hunt, Andrew and Thomas, David},
 title = {The pragmatic programmer: from journeyman to master},
 year = {1999},
 isbn = {0-201-61622-X},
 publisher = {Addison-Wesley Longman Publishing Co., Inc.},
 address = {Boston, MA, USA},
} 


%%%%%%%%%%%%%%%%%%%%%%%%%%%%%%%%%%%%%%%
%% Chapter 5.
%%%%%%%%%%%%%%%%%%%%%%%%%%%%%%%%%%%%%%%

@book{CHAPTER_5_FORMAL_SEMANTICS,
 author = {Winskel, Glynn},
 title = {The formal semantics of programming languages: an introduction},
 year = {1993},
 isbn = {0-262-23169-7},
 publisher = {MIT Press},
 address = {Cambridge, MA, USA},
} 

@incollection{CHAPTER_5_HLSL_TECHNIQUE,
 author = {Craig Peeper and Jason L. Mitchell},
 title = {Introduction to the DirectX 9 High Level Shading Language},
 booktitle = {ShaderX2: Introduction and Tutorials with DirectX 9},
 editor = {Engel, Wolfgang},
 address = {Plano, Texas},
 publisher = {Wordware},
 year = 2003,
}
 
@inproceedings{CHAPTER_5_HLSL_CONSTANT_BUFFER,
 author = {Oneppo, Michael},
 title = {HLSL shader model 4.0},
 booktitle = {ACM SIGGRAPH 2007 courses},
 series = {SIGGRAPH '07},
 year = {2007},
 isbn = {978-1-4503-1823-5},
 location = {San Diego, California},
 pages = {112--152},
 numpages = {41},
 url = {http://doi.acm.org/10.1145/1281500.1281576},
 doi = {10.1145/1281500.1281576},
 acmid = {1281576},
 publisher = {ACM},
 address = {New York, NY, USA},
} 


%%%%%%%%%%%%%%%%%%%%%%%%%%%%%%%%%%%%%%%
%% Chapter 6.
%%%%%%%%%%%%%%%%%%%%%%%%%%%%%%%%%%%%%%%

@inproceedings{CHAPTER_6_MONADIC_DSL,
 author = {Sheard, Tim and Benaissa, Zine-el-abidine and Pasalic, Emir},
 title = {DSL implementation using staging and monads},
 booktitle = {Proceedings of the 2nd conference on Domain-specific languages},
 series = {DSL '99},
 year = {1999},
 isbn = {1-58113-255-7},
 location = {Austin, Texas, United States},
 pages = {81--94},
 numpages = {14},
 url = {http://doi.acm.org/10.1145/331960.331975},
 doi = {10.1145/331960.331975},
 acmid = {331975},
 publisher = {ACM},
 address = {New York, NY, USA},
} 

@INPROCEEDINGS{CHAPTER_6_MEMOIZATION,
    author = {Umut A. Acar and Guy E. Blelloch and Robert Harper},
    title = {Selective memoization},
    booktitle = {In Proceedings of the 30th Annual ACM Symposium on Principles of Programming Languages},
    year = {2003},
    pages = {14--25},
    publisher = {ACM Press}
}

@MISC{CHAPTER_6_CPS,
    author = {Olivier Danvy and Andrzej Filinski},
    title = {Representing control: a study of the CPS transformation},
    year = {1992}
}


%%%%%%%%%%%%%%%%%%%%%%%%%%%%%%%%%%%%%%%
%% Chapter 7.
%%%%%%%%%%%%%%%%%%%%%%%%%%%%%%%%%%%%%%%

@misc{CASANOVA_CODEPLEX, 
  Title = {Casanova website},
  howpublished = {\url{http://casanova.codeplex.com/}}
}

@misc{GALAXY_WARS, 
  Title = {Galaxy Wars source code},
  howpublished = {\url{http://vsteam2010.codeplex.com/}}
}

@article{GAME_OF_LIFE,
    author = {Gardner, Martin},
    citeulike-article-id = {3740382},
    journal = {Scientific American},
    keywords = {file-import-08-12-03},
    month = oct,
    pages = {120--123},
    posted-at = {2008-12-03 13:54:53},
    priority = {0},
    title = {{Mathematical Games: The fantastic combinations of John Conway's new solitaire game ``life''}},
    year = {1970}
}


%%%%%%%%%%%%%%%%%%%%%%%%%%%%%%%%%%%%%%%
%% Chapter 8.
%%%%%%%%%%%%%%%%%%%%%%%%%%%%%%%%%%%%%%%

@misc{CHAPTER_8_GMOGRE, 
  Title = {Ogre 3D for Game Maker},
  howpublished = {\url{http://code.google.com/p/gmogre3d/}}
}

@misc{CHAPTER_8_CSHARP_SPECIFICATION, 
  Title = {C\# specification},
  howpublished = {\url{http://msdn.microsoft.com/en-us/library/ms228593.aspx}}
}

@misc{CHAPTER_8_UNITY_REFERENCE_MANUAL, 
  Title = {Unity reference manual},
  howpublished = {\url{http://docs.unity3d.com/Documentation/Components/}}
}

@misc{CHAPTER_8_GAME_MAKER_MANUAL, 
  Title = {Game Maker Manual},
  howpublished = {\url{http://gamemaker.info/en/manual}}
}

@misc{CHAPTER_8_XNA_REFERENCE, 
  Title = {XNA reference},
  howpublished = {\url{http://msdn.microsoft.com/en-us/library/bb203940.aspx}}
}


%%%%%%%%%%%%%%%%%%%%%%%%%%%%%%%%%%%%%%%
%% Chapter 9.
%%%%%%%%%%%%%%%%%%%%%%%%%%%%%%%%%%%%%%%

@inproceedings{CHAPTER_9_RENDERING_EQUATION,
 author = {Kajiya, James T.},
 title = {The rendering equation},
 booktitle = {Proceedings of the 13th annual conference on Computer graphics and interactive techniques},
 series = {SIGGRAPH '86},
 year = {1986},
 isbn = {0-89791-196-2},
 pages = {143--150},
 numpages = {8},
 url = {http://doi.acm.org/10.1145/15922.15902},
 doi = {10.1145/15922.15902},
 acmid = {15902},
 publisher = {ACM},
 address = {New York, NY, USA},
} 

@misc{CHAPTER_9_XBOX_GC_ISSUES, 
  Title = {Twin paths to garbage collector nirvana},
  Author = {Hargreaves, S.},
  howpublished = {\url{http://blogs.msdn.com/b/shawnhar/archive/2007/07/02/twin-paths-to-garbage-collector-nirvana.aspx}}
}

@misc{CHAPTER_9_GENERATIONAL_GC, 
  Title = {Garbage Collector Basics and Performance Hints},
  Author = {Mariani, R.},
  howpublished = {http://msdn.microsoft.com/en-us/library/ms973837.aspx}}
}

@misc{CHAPTER_9_CSHARP_YIELD,
	Date-Added = {2011-05-12 12:04:46 +0200},
	Date-Modified = {2011-05-12 12:05:46 +0200},
	Howpublished = {http://msdn.microsoft.com/en-us/library/9k7k7cf0(v=vs.80).aspx},
	Title = {C\# Yield (Reference)}}

@misc{CHAPTER_9_SCRIPTING_LUA,
	Howpublished = {http://en.wikipedia.org/wiki/Category:Lua-scripted\_video\_games},
	Title = {Games using LUA as a scripting language}}

@misc{CHAPTER_9_UNITY_YIELD,
	Howpublished = {http://unity3d.com/support/ documentation/ScriptReference/index.Coroutines\_26\_Yield.html},
	Title = {Scripting in Unity}}

@misc{CHAPTER_9_SCRIPTING_PYTHON,
	Author = {Dawson, Bruce},
	Howpublished = {http:// www.gamasutra.com/features/ 20020821/dawson\_ pfv.htm},
	Month = August,
	Note = {Game Developers Conference Proceedings},
	Title = {Game scripting in Python},
	Year = {2002}}



%%%%%%%%%%%%%%%%%%%%%%%%%%%%%%%%%%%%%%%
%% APPENDIX B
%%%%%%%%%%%%%%%%%%%%%%%%%%%%%%%%%%%%%%%

@book{APPENDIX_B_NETWORKING_DIFFICULTIES,
  title={Multiplayer Game Programming},
  author={Barron, T.},
  isbn={9780761532989},
  lccn={00111679},
  series={Prima Tech's Game Development},
  url={http://books.google.nl/books?id=A9Z69ql3HrsC},
  year={2001},
  publisher={Prima Tech}
}

@article{APPENDIX_B_EVENTUAL_CONSISTENCY,
 author = {Vogels, Werner},
 title = {Eventually consistent},
 journal = {Commun. ACM},
 issue_date = {January 2009},
 volume = {52},
 number = {1},
 month = jan,
 year = {2009},
 issn = {0001-0782},
 pages = {40--44},
 numpages = {5},
 url = {http://doi.acm.org/10.1145/1435417.1435432},
 doi = {10.1145/1435417.1435432},
 acmid = {1435432},
 publisher = {ACM},
 address = {New York, NY, USA},
} 

@MISC{APPENDIX_B_SERIALIZATION,
    author = {Michael Philippsen and Bernhard Haumacher and Christian Nester},
    title = {More Efficient Serialization and RMI for Java},
    year = {2000}
}

@inproceedings{APPENDIX_B_VIDEO_CODEC,
 author = {Tang, Qing and Jin, Jesse S.},
 title = {Compressed video transmission over digital networks: analysis and design},
 booktitle = {Selected papers from the 2002 Pan-Sydney workshop on Visualisation - Volume 22},
 series = {VIP '02},
 year = {2002},
 isbn = {1-920682-01-5},
 location = {Sydney, Australia},
 pages = {97--100},
 numpages = {4},
 url = {http://dl.acm.org/citation.cfm?id=1164094.1164110},
 acmid = {1164110},
 publisher = {Australian Computer Society, Inc.},
 address = {Darlinghurst, Australia, Australia},
 keywords = {MPEG, interoperability, multiplexing, packetizing, synchronizing, transcoding and error resilience, video transmission},
} 

@misc{APPENDIX_B_LIDGREN, 
  Title = {Lidgren library},
  howpublished = {\url{http://code.google.com/p/lidgren-network-gen3/}}
}

@INPROCEEDINGS{APPENDIX_B_LATENCY_COMPENSATION,
	author = {Y Bernier},
	title = {Latency compensating methods in client/server in-game protocol design and optimization},
	booktitle = {In Game Developers Conference},
	year = {2001}
}


%%%%%%%%%%%%%%%%%%%%%%%%%%%%%%%%%%%%%%%
%% APPENDIX C
%%%%%%%%%%%%%%%%%%%%%%%%%%%%%%%%%%%%%%%

@article{APPENDIX_C_GOAP_FEAR,
author = {J.Orkin},
journal = {Proceedings of the Game Developer's Conference (GDC)},
title = {Three States and a Plan: The AI of F.E.A.R.},
year = {2006}
}

@article{APPENDIX_C_GOAP_BOOK,
author = {Orkin, J.},
journal = {Artificial Intelligence},
number = {4},
pages = {105--110},
title = {Agent Architecture Considerations for Real-Time Planning in Games},
volume = {38},
year = {2005}
}

@article{APPENDIX_C_STRIPS,
    author = {Fikes, Richard E. and Nilsson, Nils J.},
    doi = {10.1016/0004-3702(71)90010-5},
    journal = {Artificial Intelligence},
    keywords = {da, planning, project-planning, strips},
    month = {},
    number = {3-4},
    pages = {189--208},
    posted-at = {2008-06-27 10:07:52},
    priority = {2},
    title = {{Strips: A new approach to the application of theorem proving to problem solving}},
    url = {http://dx.doi.org/10.1016/0004-3702(71)90010-5},
    volume = {2},
    year = {1971}
}

@INPROCEEDINGS{APPENDIX_C_BDI,
	author = {Michael P Georgeff and Barney Pell and Martha E Pollack and Milind Tambe and Michael Wooldridge},
	title = {The belief-desire-intention model of agency},
	booktitle = {Intelligent Agents V, Agent Theories, Architectures, and Languages, 5th International Workshop, (ATAL'98},
	year = {},
	pages = {4--7},
	publisher = {Springer}
}

@ARTICLE{APPENDIX_C_CLIPMAPS,
	author = {Frank Losasso and Hugues Hoppe},
	title = {Geometry clipmaps: terrain rendering using nested regular grids},
	journal = {ACM Trans. on Graphics},
	year = {},
	number = {23},
	pages = {2004}
}

@INPROCEEDINGS{APPENDIX_C_SOAR_QUAKEBOT,
	author = {J E Laird and J C Duchi},
	title = {Creating human-like synthetic characters with multiple skill-levels : A case study using the Soar quakebot},
	booktitle = {in: AAAI Fall Symposium Technical Report},
	year = {2000}
}

@article{APPENDIX_C_AI,
    author = {Hunicke, Robin and Chapman, Vernell},
    booktitle = {Proceedings of AIIDE 2004},
    citeulike-article-id = {5133643},
    citeulike-linkout-0 = {http://www.cs.northwestern.edu/\~{}hunicke/pubs/Hamlet.pdf},
    keywords = {difficulty, game\_metrics, gamelog, monitoring},
    posted-at = {2009-07-13 08:19:28},
    priority = {2},
    title = {{AI for Dynamic Difficulty Adjustment in Games}},
    url = {http://www.cs.northwestern.edu/\~{}hunicke/pubs/Hamlet.pdf},
    year = {2004}
}


@INPROCEEDINGS{APPENDIX_C_HIERARCHICAL_AI,
	author = {H Hoang and S Lee-Urban and Muñoz-Avila},
	title = {H.: Hierarchical plan representations for encoding strategic game AI},
	booktitle = {Marina del Ray, CA},
	year = {2005}
}

@MISC{APPENDIX_C_REINFORCEMENT_LEARNING,
	author = {R S Sutton and A G Barto},
	title = {Reinforcement Learning: An Introduction},
	year = {1998}
}

@ARTICLE{APPENDIX_C_HIERARCHICAL_PATHFINDING,
	author = {A Botea and M Müller and J Schaeffer},
	title = {Near optimal hierarchical path-finding},
	journal = {Journal of Game Development},
	year = {2004},
	number = {1},
	pages = {7--28}
}

@ARTICLE{APPENDIX_C_STATISTICAL_PATTERN_RECOGNITION,
	author = {A K Jain and R Duin and J Mao},
	title = {Statistical Pattern Recognition: A Review},
	journal = {IEEE Transactions on Pattern Analysis and Machine Intellgence},
	year = {2000},
	number = {22},
	pages = {4--37}
}

@INPROCEEDINGS{APPENDIX_C_HUMAN_LEVEL_AI,
	author = {J E Laird and M Van Lent},
	title = {Human-level AI's killer application : Interactive computer games},
	booktitle = {in: AAAI Fall Symposium Technical Report},
	year = {2000}
}


%%%%%%%%%%%%%%%%%%%%%%%%%%%%%%%%%%%%%%%
%% APPENDIX D
%%%%%%%%%%%%%%%%%%%%%%%%%%%%%%%%%%%%%%%

@book{DATABASE_SYSTEM_IMPLEMENTATION,
    address = {Upper Saddle River, NJ, USA},
    author = {Molina, Hector G. and Widom, Jennifer and Ullman, Jeffrey D.},
    citeulike-article-id = {4533409},
    citeulike-linkout-0 = {http://portal.acm.org/citation.cfm?id=553977},
    isbn = {0130402648},
    keywords = {database, implementation, system},
    posted-at = {2010-09-19 21:57:05},
    priority = {0},
    publisher = {Prentice-Hall, Inc.},
    title = {{Database System Implementation}},
    url = {http://portal.acm.org/citation.cfm?id=553977},
    year = {1999}
}

@book{APPENDIX_D_HANDMADE_OPTIMIZATION_IN_GAMES,
  title={Game Physics Engine Development},
  author={Millington, I.},
  isbn={9780123694713},
  lccn={2006023852},
  series={The Morgan Kaufmann series in interactive 3D technology},
  url={http://books.google.nl/books?id=OsJ-8IRkRWgC},
  year={2007},
  publisher={Morgan Kaufmann Publishers}
}

@book{APPENDIX_D_11,
 author = {Weikum, Gerhard and Vossen, Gottfried},
 title = {Transactional information systems: theory, algorithms, and the practice of concurrency control and recovery},
 year = {2001},
 isbn = {1-55860-508-8},
 publisher = {Morgan Kaufmann Publishers Inc.},
 address = {San Francisco, CA, USA},
} 

@misc{APPENDIX_D_7, 
  Title = {Maggiore, G., Bugliesi, M., Orsini, R., et al.: Casanova Papers.},
  howpublished = {\url{http://casanova.codeplex.com/wikipage?title=Papers}}
}

@inproceedings{APPENDIX_D_13,
  added-at = {2009-10-20T18:51:19.000+0200},
  author = {Herbrich, Ralf and Minka, Tom and Graepel, Thore},
  editor = {Schölkopf, B. and Platt, J. C. and Hoffman, T.},
  keywords = {imported},
  pages = {569--576},
  publisher = {MIT Press},
  timestamp = {2009-10-20T18:51:19.000+0200},
  title = {TrueSkill: A Bayesian Skill Rating System},
  year = 2007
}

@article{SGL,
 author = {White, Walker and Koch, Christoph and Gehrke, Johannes and Demers, Alan},
 title = {Better scripts, better games},
 journal = {Commun. ACM},
 issue_date = {March 2009},
 volume = {52},
 number = {3},
 month = mar,
 year = {2009},
 issn = {0001-0782},
 pages = {42--47},
 numpages = {6},
 url = {http://doi.acm.org/10.1145/1467247.1467262},
 doi = {10.1145/1467247.1467262},
 acmid = {1467262},
 publisher = {ACM},
 address = {New York, NY, USA},
} 


%%%%%%%%%%%%%%%%%%%%%%%%%%%%%%%%%%%%%%%
%% APPENDIX E
%%%%%%%%%%%%%%%%%%%%%%%%%%%%%%%%%%%%%%%

@inproceedings{APPENDIX_E_HLISTS,
 author = {Oleg Kiselyov and Ralf L{\"a}mmel and Keean Schupke},
 title = "{Strongly typed heterogeneous collections}",
 booktitle = "{Haskell 2004: Proceedings of the ACM SIGPLAN workshop on Haskell}",
 year = {2004},
 isbn = {1-58113-850-4},
 pages = {96--107},
 location = {Snowbird, Utah, USA},
 doi = {http://doi.acm.org/10.1145/1017472.1017488},
 publisher = {ACM Press},
}

@inproceedings{APPENDIX_E_AD_HOC_POLYMORPHISM,
 author = {Wadler, P. and Blott, S.},
 title = {How to make ad-hoc polymorphism less ad hoc},
 booktitle = {Proceedings of the 16th ACM SIGPLAN-SIGACT symposium on Principles of programming languages},
 series = {POPL '89},
 year = {1989},
 isbn = {0-89791-294-2},
 location = {Austin, Texas, United States},
 pages = {60--76},
 numpages = {17},
 url = {http://doi.acm.org/10.1145/75277.75283},
 doi = {10.1145/75277.75283},
 acmid = {75283},
 publisher = {ACM},
 address = {New York, NY, USA},
} 

@article{APPENDIX_E_USES_OF_TYPE_CLASSES,
  author = {Simon {Peyton Jones} and others},
  title = {The {Haskell} 98 Language and Libraries: The Revised Report},
  journal = {Journal of Functional Programming},
  volume = 13,
  number = 1,
  pages = {0--255},
  month = {Jan},
  year = 2003,
  note = {\url{http://www.haskell.org/definition/}},
}

@MISC{APPENDIX_E_TYPE_FAMILIES,
    author = {Oleg Kiselyov and Simon Peyton and Jones Chung-chieh Shan},
    title = {Fun with type functions},
    year = {2010}
}

@inproceedings{APPENDIX_E_STRUCTURE_REPRESENTATION,
 author = {Hinze, Ralf},
 title = {Polytypic Values Possess Polykinded Types},
 booktitle = {Proceedings of the 5th International Conference on Mathematics of Program Construction},
 series = {MPC '00},
 year = {2000},
 isbn = {3-540-67727-5},
 pages = {2--27},
 numpages = {26},
 url = {http://dl.acm.org/citation.cfm?id=648085.747179},
 acmid = {747179},
 publisher = {Springer-Verlag},
 address = {London, UK, UK},
} 

@INPROCEEDINGS{APPENDIX_E_GENERIC_HASKELL,
    author = {Ralf Hinze and Johan Jeuring},
    title = {Generic Haskell: practice and theory},
    booktitle = {In Generic Programming, Advanced Lectures, volume 2793 of LNCS},
    year = {2003},
    pages = {1--56},
    publisher = {Springer-Verlag}
}

@MISC{APPENDIX_E_HASKELL_TYPE_CLASSES,
    author = {Paul Hudak and John Peterson and Joseph Fasel},
    title = {A Gentle Introduction to Haskell 98},
    year = {1999}
}

@article{APPENDIX_E_CONCEPTS,
 author = {Gregor, Douglas and J\"{a}rvi, Jaakko and Siek, Jeremy and Stroustrup, Bjarne and Dos Reis, Gabriel and Lumsdaine, Andrew},
 title = {Concepts: linguistic support for generic programming in C++},
 journal = {SIGPLAN Not.},
 issue_date = {October 2006},
 volume = {41},
 number = {10},
 month = oct,
 year = {2006},
 issn = {0362-1340},
 pages = {291--310},
 numpages = {20},
 url = {http://doi.acm.org/10.1145/1167515.1167499},
 doi = {10.1145/1167515.1167499},
 acmid = {1167499},
 publisher = {ACM},
 address = {New York, NY, USA},
 keywords = {C++ templates, C++0x, concepts, constrained generics, generic programming, parametric polymorphism},
} 

@inproceedings{APPENDIX_E_PARTIAL_TEMPLATE_SPECIALIZATION,
 author = {Siek, Jeremy and Taha, Walid},
 title = {A semantic analysis of c++ templates},
 booktitle = {Proceedings of the 20th European conference on Object-Oriented Programming},
 series = {ECOOP'06},
 year = {2006},
 isbn = {3-540-35726-2, 978-3-540-35726-1},
 location = {Nantes, France},
 pages = {304--327},
 numpages = {24},
 doi = {10.1007/11785477_19},
 acmid = {2171353},
 publisher = {Springer-Verlag},
 address = {Berlin, Heidelberg},
} 

@inproceedings{APPENDIX_E_TYPE_CLASSES_VS_TEMPLATES,
 author = {Bernardy, Jean-Philippe and Jansson, Patrik and Zalewski, Marcin and Schupp, Sibylle and Priesnitz, Andreas},
 title = {A comparison of c++ concepts and haskell type classes},
 booktitle = {Proceedings of the ACM SIGPLAN workshop on Generic programming},
 series = {WGP '08},
 year = {2008},
 isbn = {978-1-60558-060-9},
 location = {Victoria, BC, Canada},
 pages = {37--48},
 numpages = {12},
 url = {http://doi.acm.org/10.1145/1411318.1411324},
 doi = {10.1145/1411318.1411324},
 acmid = {1411324},
 publisher = {ACM},
 address = {New York, NY, USA},
 keywords = {c++, concepts, generic programming, haskell, specification-driven development, type classes},
} 

@TECHREPORT{APPENDIX_E_TEMPLATES_TURING_EQUIVALENCE,
    author = {Todd L. Veldhuizen},
    title = {C++ Templates are Turing Complete},
    institution = {},
    year = {2003}
}

@misc{APPENDIX_E_TEMPLATES_ARE_PURE_FUNCTIONS,
title = {A direct translation of the Simply Typed Lambda Calculus into C++-templates},
author = {Markus Michelbrink},
institution = {University of Wales, Swansea},
year = {2006},
howpublished = {\url{http://www.cs.nott.ac.uk/types06/slides/michelbrink_types_06.pdf}}
}


%%%%%%%%%%%%%%%%%%%%%%%%%%%%%%%%%%%%%%%
%% APPENDIX F
%%%%%%%%%%%%%%%%%%%%%%%%%%%%%%%%%%%%%%%

@misc{APPENDIX_F_FSHARP_MSDN,
title = {Visual F\#},
year = {2012},
howpublished = {\url{http://msdn.microsoft.com/en-us/library/dd233154(v=vs.110).aspx}}
}


%%%%%%%%%%%%%%%%%%%%%%%%%%%%%%%%%%%%%%%
%% APPENDIX G
%%%%%%%%%%%%%%%%%%%%%%%%%%%%%%%%%%%%%%%

@inproceedings{APPENDIX_G_IMPERATIVE_FP,
 author = {Peyton Jones, Simon L. and Wadler, Philip},
 title = {Imperative functional programming},
 booktitle = {Proceedings of the 20th ACM SIGPLAN-SIGACT symposium on Principles of programming languages},
 series = {POPL '93},
 year = {1993},
 isbn = {0-89791-560-7},
 location = {Charleston, South Carolina, United States},
 pages = {71--84},
 numpages = {14},
 url = {http://doi.acm.org/10.1145/158511.158524},
 doi = {10.1145/158511.158524},
 acmid = {158524},
 publisher = {ACM},
 address = {New York, NY, USA},
} 

@article{APPENDIX_G_NOTIONS_OF_COMPUTATION_AND_MONADS,
 author = {Moggi, Eugenio},
 title = {Notions of computation and monads},
 journal = {Inf. Comput.},
 issue_date = {July 1991},
 volume = {93},
 number = {1},
 month = jul,
 year = {1991},
 issn = {0890-5401},
 pages = {55--92},
 numpages = {38},
 url = {http://dx.doi.org/10.1016/0890-5401(91)90052-4},
 doi = {10.1016/0890-5401(91)90052-4},
 acmid = {116984},
 publisher = {Academic Press, Inc.},
 address = {Duluth, MN, USA},
} 

@INPROCEEDINGS{APPENDIX_G_MONADS_AND_ASPECTS,
    author = {Wolfgang De Meuter},
    title = {Monads as a theoretical foundation for AOP},
    booktitle = {In International Workshop on Aspect-Oriented Programming at ECOOP},
    year = {1997},
    pages = {25},
    publisher = {Springer-Verlag}
}

@inproceedings{APPENDIX_G_ESSENCE_OF_FP,
 author = {Wadler, Philip},
 title = {The essence of functional programming},
 booktitle = {Proceedings of the 19th ACM SIGPLAN-SIGACT symposium on Principles of programming languages},
 series = {POPL '92},
 year = {1992},
 isbn = {0-89791-453-8},
 location = {Albuquerque, New Mexico, United States},
 pages = {1--14},
 numpages = {14},
 url = {http://doi.acm.org/10.1145/143165.143169},
 doi = {10.1145/143165.143169},
 acmid = {143169},
 publisher = {ACM},
 address = {New York, NY, USA},
} 

@inproceedings{APPENDIX_G_COMPREHENDING_MONADS,
 author = {Wadler, Philip},
 title = {Comprehending monads},
 booktitle = {Proceedings of the 1990 ACM conference on LISP and functional programming},
 series = {LFP '90},
 year = {1990},
 isbn = {0-89791-368-X},
 location = {Nice, France},
 pages = {61--78},
 numpages = {18},
 url = {http://doi.acm.org/10.1145/91556.91592},
 doi = {10.1145/91556.91592},
 acmid = {91592},
 publisher = {ACM},
 address = {New York, NY, USA},
}

@book{APPENDIX_G_CATEGORY_THEORY,
 author = {O'Sullivan, Bryan and Goerzen, John and Stewart, Don},
 title = {Real World Haskell},
 year = {2008},
 isbn = {0596514980, 9780596514983},
 edition = {1st},
 publisher = {O'Reilly Media, Inc.},
} 

@book{APPENDIX_G_CATEGORY_THEORY,
 editor = {Barr, Michael and Wells, Charles},
 title = {Category theory for computing science, 2nd ed.},
 year = {1995},
 isbn = {0-13-323809-1},
 publisher = {Prentice Hall International (UK) Ltd.},
 address = {Hertfordshire, UK, UK},
} 

@book{APPENDIX_G_CSHARP_ASYNC,
  title={Async in C\# 5.0},
  author={Davies, A.},
  isbn={9781449337124},
  url={http://books.google.nl/books?id=xT45qhFrVnUC},
  year={2012},
  publisher={O'Reilly Media}
}

@MISC{APPENDIX_G_MONADIC_PARSERS,
    author = {Graham Hutton and Erik Meijer},
    title = {Monadic Parser Combinators},
    year = {1996}
}


%%%%%%%%%%%%%%%%%%%%%%%%%%%%%%%%%%%%%%%
%% CASANOVA PUBLICATIONS
%%%%%%%%%%%%%%%%%%%%%%%%%%%%%%%%%%%%%%%

@inproceedings{CASANOVA_EICS,
 author = {Maggiore, Giuseppe and Span\`{o}, Alvise and Orsini, Renzo and Bugliesi, Michele and Abbadi, Mohamed and Steffinlongo, Enrico},
 title = {A formal specification for casanova, a language for computer games},
 booktitle = {Proceedings of the 4th ACM SIGCHI symposium on Engineering interactive computing systems},
 series = {EICS '12},
 year = {2012},
 isbn = {978-1-4503-1168-7},
 location = {Copenhagen, Denmark},
 pages = {287--292},
 numpages = {6},
 url = {http://doi.acm.org/10.1145/2305484.2305533},
 doi = {10.1145/2305484.2305533},
 acmid = {2305533},
 publisher = {ACM},
 address = {New York, NY, USA},
 keywords = {casanova, databases, f\#, functional programming, game development, languages},
} 

@inproceedings{CASANOVA_ICEC,
  author    = {Giuseppe Maggiore and
               Pieter Spronck and
               Renzo Orsini and
               Michele Bugliesi and
               Enrico Steffinlongo and
               Mohamed Abbadi},
  title     = {Writing Real-Time .Net Games in Casanova},
  booktitle = {ICEC},
  year      = {2012},
  pages     = {341-348},
  ee        = {http://dx.doi.org/10.1007/978-3-642-33542-6_30},
  crossref  = {DBLP:conf/iwec/2012},
  bibsource = {DBLP, http://dblp.uni-trier.de}
}

@inproceedings{CASANOVA_ACG,
  added-at = {2012-07-20T00:00:00.000+0200},
  author = {Maggiore, Giuseppe and Spanò, Alvise and Orsini, Renzo and Costantini, Giulia and Bugliesi, Michele and Abbadi, Mohamed},
  biburl = {http://www.bibsonomy.org/bibtex/2fedf4aaeff2704bea64d840316e08531/dblp},
  booktitle = {ACG},
  crossref = {conf/acg/2011},
  editor = {van den Herik, H. Jaap and Plaat, Aske},
  ee = {http://dx.doi.org/10.1007/978-3-642-31866-5_27},
  interhash = {b89b23d67c71e668c1f4e4d408467fe0},
  intrahash = {fedf4aaeff2704bea64d840316e08531},
  isbn = {978-3-642-31865-8},
  keywords = {dblp},
  pages = {320-332},
  publisher = {Springer},
  series = {Lecture Notes in Computer Science},
  timestamp = {2012-07-20T00:00:00.000+0200},
  title = {Designing Casanova: A Language for Games.},
  url = {http://dblp.uni-trier.de/db/conf/acg/acg2011.html#MaggioreSOCBA11},
  volume = 7168,
  year = 2011
}

@inproceedings{CASANOVA_SEBD,
  added-at = {2012-10-18T00:00:00.000+0200},
  author = {Maggiore, Giuseppe and Orsini, Renzo and Bugliesi, Michele},
  biburl = {http://www.bibsonomy.org/bibtex/2311f9ce3c251ef4bfc66e53a1178c003/dblp},
  booktitle = {SEBD},
  crossref = {conf/sebd/2012},
  editor = {Ferro, Nicola and Tanca, Letizia},
  ee = {http://sebd2012.dei.unipd.it/documents/188475/666ab744-0bf7-4d69-8d1c-b1488cbaa202},
  interhash = {484c7971930e6eebee456eba66961ef7},
  intrahash = {311f9ce3c251ef4bfc66e53a1178c003},
  isbn = {978-88-96477-23-6},
  keywords = {dblp},
  pages = {271-276},
  publisher = {Edizioni Libreria Progetto, Padova, Italy},
  timestamp = {2012-10-18T00:00:00.000+0200},
  title = {On Casanova and Databases or the Similarity Between Games and DBs.},
  url = {http://dblp.uni-trier.de/db/conf/sebd/sebd2012.html#MaggioreOB12},
  year = 2012
}

@book{CASANOVA_FSHARP,
  title={Friendly F\#},
  author={Maggiore, G. and Costantini, G.},
  url={http://books.google.nl/books?id=2xpdiIB9yg4C}
}

@inproceedings{CASANOVA_X3D,
 author = {Maggiore, Giuseppe and Pittarello, Fabio and Bugliesi, Michele and Abbadi, Mohamed},
 title = {A compilation technique to increase X3D performance and safety},
 booktitle = {Proceedings of the 27th Annual ACM Symposium on Applied Computing},
 series = {SAC '12},
 year = {2012},
 isbn = {978-1-4503-0857-1},
 location = {Trento, Italy},
 pages = {969--974},
 numpages = {6},
 url = {http://doi.acm.org/10.1145/2245276.2245465},
 doi = {10.1145/2245276.2245465},
 acmid = {2245465},
 publisher = {ACM},
 address = {New York, NY, USA},
 keywords = {compilation, performance, safety, x3d},
} 

@inproceedings{CASANOVA_SCRIPTS,
 author = {Maggiore, Giuseppe and Bugliesi, Michele and Orsini, Renzo},
 title = {Monadic Scripting in F\# for Computer Games},
 booktitle = {Proceedings of the 5th International Workshop on Harnessing Theories for Tool Support in Software (TTSS)},
 year = {2011},
 location = {Oslo, Norway},
} 

%Giuseppe Maggiore, Agostino Cortesi, Flavio Sartoretto, Andrea Torsello. Engaging High School Students in Computer Science via Challenging Applications. In Proceedings of the 11th conference on Information technology education (SIGITE). (New Tork, NY 2011), ACM.

%Giuseppe Maggiore, Giulia Costantini, Agostino Cortesi. Game Programming as a Non-Threatening Introduction to Functional Languages. In Informatics Education Europe IV (Freiburg 2009), C. HERMANN; T. LAUER; T.OTTMANN; M.WELTE EDS., 11-17.

%Costantini, Giulia, Maggiore, Giuseppe, and Cortesi, Agostino. Learning by Fixing and Extending Games. In Proceedings of Eurographics (Muënchen, Germany 2009), 15-21.

Giuseppe Maggiore, Giulia Costantini. Friendly F\#, fun with game development and Xna. Smashwords, Venice, 2011.
